{"type":"ORDER","orderId":"475710b4-6c75-4990-bdab-e4cce518a527","side":"BUY","price":101,"quantity":5,"timestamp":"2026-02-17T20:19:38.725259700Z","cancelOrderId":null,"prevHash":"GENESIS","hash":"7ff9c04d889420f6ad98324b5bacac9ea16e1c50d834d247e3d2feb4ce89d4bc"}
{"type":"ORDER","orderId":"7d636e36-86ed-4616-a516-f8b868aede7e","side":"BUY","price":101,"quantity":9,"timestamp":"2026-02-17T20:19:43.697337300Z","cancelOrderId":null,"prevHash":"7ff9c04d889420f6ad98324b5bacac9ea16e1c50d834d247e3d2feb4ce89d4bc","hash":"6604b7c4d8463685367c0692d4098d363799739118b015a24f2e277accf5c852"}
{"type":"ORDER","orderId":"1dff214d-b4fa-4315-aa0a-96b225d99cd0","side":"BUY","price":101,"quantity":9,"timestamp":"2026-02-17T20:19:47.570750Z","cancelOrderId":null,"prevHash":"6604b7c4d8463685367c0692d4098d363799739118b015a24f2e277accf5c852","hash":"6ca9f027f78209193bcaf44b6615252af599cfb96eeacb860d01c4a5a07ba9b5"}
{"type":"ORDER","orderId":"1d00fd77-3586-4c72-a83b-969910e3a20d","side":"BUY","price":102,"quantity":9,"timestamp":"2026-02-17T20:19:55.830711900Z","cancelOrderId":null,"prevHash":"6ca9f027f78209193bcaf44b6615252af599cfb96eeacb860d01c4a5a07ba9b5","hash":"04a65eb008c6173fffc6510d1475d0a37ee1020d18e24d427e18c1deaefb92be"}
{"type":"ORDER","orderId":"766382a6-c141-4b13-ae1c-95bfce3922ff","side":"BUY","price":101,"quantity":5,"timestamp":"2026-02-17T20:22:42.460742200Z","cancelOrderId":null,"prevHash":"04a65eb008c6173fffc6510d1475d0a37ee1020d18e24d427e18c1deaefb92be","hash":"9a3154d6ad31813fa748fd6d41badb33e166de35d75701801396386bba888dbc"}
{"type":"ORDER","orderId":"90d6a66d-c87b-4878-944e-152c272afc53","side":"BUY","price":103,"quantity":5,"timestamp":"2026-02-17T20:22:44.153861600Z","cancelOrderId":null,"prevHash":"9a3154d6ad31813fa748fd6d41badb33e166de35d75701801396386bba888dbc","hash":"28791956423e29ae35cc36487cacaf447494f19eb1d36ee82c681bf53f3bde4d"}
{"type":"ORDER","orderId":"ca3643ad-977b-4cee-9122-3e278b7d33f4","side":"BUY","price":105,"quantity":5,"timestamp":"2026-02-17T20:22:45.954568Z","cancelOrderId":null,"prevHash":"28791956423e29ae35cc36487cacaf447494f19eb1d36ee82c681bf53f3bde4d","hash":"1bdeb37e35b0317f2d27daad029754c32317b677baa3b628e5e8a9b642dde8c5"}
{"type":"ORDER","orderId":"a27403f0-63bc-4fbb-b4cb-e67d1d0af48d","side":"BUY","price":107,"quantity":5,"timestamp":"2026-02-17T20:22:47.123165800Z","cancelOrderId":null,"prevHash":"1bdeb37e35b0317f2d27daad029754c32317b677baa3b628e5e8a9b642dde8c5","hash":"8eacf4d8ec9140e266792b522677a8b2cf8aaaffa4e36656acfc20e8e945d224"}
{"type":"ORDER","orderId":"55b1b4b8-d72c-40c7-83bf-77fa36143db8","side":"BUY","price":110,"quantity":5,"timestamp":"2026-02-17T20:22:48.973514600Z","cancelOrderId":null,"prevHash":"8eacf4d8ec9140e266792b522677a8b2cf8aaaffa4e36656acfc20e8e945d224","hash":"c865f3ec1d9c25cc2ab3eab6074884a6b4884b9cccccfb5533bccf785ab3fd79"}
{"type":"ORDER","orderId":"e28c9552-e959-4885-94a9-e06f39e27528","side":"BUY","price":113,"quantity":5,"timestamp":"2026-02-17T20:22:50.330728900Z","cancelOrderId":null,"prevHash":"c865f3ec1d9c25cc2ab3eab6074884a6b4884b9cccccfb5533bccf785ab3fd79","hash":"d3f419606f3acdb12149393390d79a15a87481a1fa5f2f841e27b9dff5553f91"}
{"type":"ORDER","orderId":"7636a320-2ab8-4eb5-a417-549d07afa0e0","side":"BUY","price":117,"quantity":5,"timestamp":"2026-02-17T20:22:52.016385900Z","cancelOrderId":null,"prevHash":"d3f419606f3acdb12149393390d79a15a87481a1fa5f2f841e27b9dff5553f91","hash":"d3d7e1e6c2bbfcd48243734fec7fbf1366d8f46f7038273c9324c1817e1436b8"}
{"type":"ORDER","orderId":"d00cc803-aaca-4bca-8222-9893a0dc4d17","side":"BUY","price":118,"quantity":5,"timestamp":"2026-02-17T20:22:53.402814700Z","cancelOrderId":null,"prevHash":"d3d7e1e6c2bbfcd48243734fec7fbf1366d8f46f7038273c9324c1817e1436b8","hash":"d520191ab91e80e572ef800f5f26435c559438ddfe57d5569cac16229690d26e"}
{"type":"ORDER","orderId":"ed3b395e-3b1e-4ade-87da-31ec5c1a4a07","side":"BUY","price":116,"quantity":5,"timestamp":"2026-02-17T20:22:54.826660900Z","cancelOrderId":null,"prevHash":"d520191ab91e80e572ef800f5f26435c559438ddfe57d5569cac16229690d26e","hash":"199f74350c75d8a4422cde80734f96f4b8e6949ea4936c634ddc3afd0784a0e2"}
{"type":"ORDER","orderId":"d7fb33aa-a095-47bb-84be-db2a7f8d25e2","side":"BUY","price":119,"quantity":5,"timestamp":"2026-02-17T20:22:56.102480100Z","cancelOrderId":null,"prevHash":"199f74350c75d8a4422cde80734f96f4b8e6949ea4936c634ddc3afd0784a0e2","hash":"d86c18b5d83fdb3583a9ab1a84d3be2adf02fab20b21d0f15752d121a9c8bdb9"}
{"type":"ORDER","orderId":"15eba74e-6e4b-4f20-93e1-c18e8d2a1926","side":"BUY","price":121,"quantity":5,"timestamp":"2026-02-17T20:22:57.622248500Z","cancelOrderId":null,"prevHash":"d86c18b5d83fdb3583a9ab1a84d3be2adf02fab20b21d0f15752d121a9c8bdb9","hash":"777cc1616142e4f33e5945ddc60c9baa7f3960a501014a5a93c933d199fa09f2"}
{"type":"ORDER","orderId":"41b8051d-b75c-4c5b-a912-b0e0edda63b7","side":"BUY","price":125,"quantity":5,"timestamp":"2026-02-17T20:23:02.314379Z","cancelOrderId":null,"prevHash":"777cc1616142e4f33e5945ddc60c9baa7f3960a501014a5a93c933d199fa09f2","hash":"3e4b7a0b18926d90e7c87fc37dc5a2b3e6b2e285a0a4c2e46d3bf4b4908fdd38"}
{"type":"ORDER","orderId":"c5a46b7f-ff53-4c9b-83f5-4b556c0c84b4","side":"BUY","price":128,"quantity":5,"timestamp":"2026-02-17T20:23:03.841548800Z","cancelOrderId":null,"prevHash":"3e4b7a0b18926d90e7c87fc37dc5a2b3e6b2e285a0a4c2e46d3bf4b4908fdd38","hash":"0fbbc89495a2d40babdd6ecf0bc5e51bd0fbbd7303457bf063d7568487c020aa"}
{"type":"ORDER","orderId":"81016c16-6632-4ae8-8339-1ac7908dfb71","side":"BUY","price":132,"quantity":5,"timestamp":"2026-02-17T20:23:05.520417200Z","cancelOrderId":null,"prevHash":"0fbbc89495a2d40babdd6ecf0bc5e51bd0fbbd7303457bf063d7568487c020aa","hash":"62cf1c274cd20cffe4f3bda2dd6cc72fc5b6a8917f64e1e28d29a3aca2e9eda2"}
{"type":"ORDER","orderId":"a85a5f2d-fa5e-4566-bae1-7e7239a71301","side":"BUY","price":139,"quantity":5,"timestamp":"2026-02-17T20:23:07.673262500Z","cancelOrderId":null,"prevHash":"62cf1c274cd20cffe4f3bda2dd6cc72fc5b6a8917f64e1e28d29a3aca2e9eda2","hash":"3c68cf4f699a03802471c0eb459f3bfcba4c34eb26503f3a9745f3c3f209908c"}
{"type":"ORDER","orderId":"331e330f-8603-49e0-a7fa-471ab0178a74","side":"BUY","price":136,"quantity":5,"timestamp":"2026-02-17T20:23:08.965074200Z","cancelOrderId":null,"prevHash":"3c68cf4f699a03802471c0eb459f3bfcba4c34eb26503f3a9745f3c3f209908c","hash":"fd91fd6431b0075dc5b1757d826f8eb4152090e3ff603dc9d53003895271dc20"}
{"type":"ORDER","orderId":"2b8a1331-6114-46fa-b694-fbad96587339","side":"BUY","price":139,"quantity":5,"timestamp":"2026-02-17T20:23:10.806532500Z","cancelOrderId":null,"prevHash":"fd91fd6431b0075dc5b1757d826f8eb4152090e3ff603dc9d53003895271dc20","hash":"374dcebcf88a87e520b08b68e9da34e936210ee6a6e290addbb5214469114e01"}
{"type":"ORDER","orderId":"d59ec03e-f6dc-4ec9-a7e5-3c49bdb08c48","side":"BUY","price":139,"quantity":5,"timestamp":"2026-02-17T20:23:12.555132900Z","cancelOrderId":null,"prevHash":"374dcebcf88a87e520b08b68e9da34e936210ee6a6e290addbb5214469114e01","hash":"1bd7ea4030695f528cd6f6ccbc855cb9419143c678f61c4905af9d8c0d7d9b6a"}
{"type":"ORDER","orderId":"0faf031e-5d02-4496-a4d0-b70866693930","side":"BUY","price":142,"quantity":5,"timestamp":"2026-02-17T20:23:14.177648100Z","cancelOrderId":null,"prevHash":"1bd7ea4030695f528cd6f6ccbc855cb9419143c678f61c4905af9d8c0d7d9b6a","hash":"2b46e1ee9e00c6bd723b437afade955c2439998a259762b515d6491432c435e3"}
{"type":"ORDER","orderId":"0584d80f-b68a-4e20-bd78-8d13b9956412","side":"BUY","price":145,"quantity":5,"timestamp":"2026-02-17T20:23:16.490146100Z","cancelOrderId":null,"prevHash":"2b46e1ee9e00c6bd723b437afade955c2439998a259762b515d6491432c435e3","hash":"a54b2709e8d7cbcc831a73d06de244bb1a265136ac0b7444a8bbccc0afc4b1d8"}
{"type":"ORDER","orderId":"cfc73d58-31aa-4851-ac38-327c99fc14e9","side":"BUY","price":148,"quantity":5,"timestamp":"2026-02-17T20:23:18.881804100Z","cancelOrderId":null,"prevHash":"a54b2709e8d7cbcc831a73d06de244bb1a265136ac0b7444a8bbccc0afc4b1d8","hash":"5af37a2694ccacaf9969f676dc9d6d9cc2fb83598cb4607c5cbfd4c1b405449a"}
{"type":"ORDER","orderId":"4d389c8c-fe46-418f-9cfe-15a2aa3c7be8","side":"BUY","price":151,"quantity":5,"timestamp":"2026-02-17T20:23:20.348965100Z","cancelOrderId":null,"prevHash":"5af37a2694ccacaf9969f676dc9d6d9cc2fb83598cb4607c5cbfd4c1b405449a","hash":"c16af5ba73ed7dd41e3cfbd6e735c86c788aaf0edc5d662e979de500a3dabd24"}
{"type":"ORDER","orderId":"180fddc7-018d-4e1c-b9d6-339c310a38d5","side":"BUY","price":154,"quantity":5,"timestamp":"2026-02-17T20:23:21.713400300Z","cancelOrderId":null,"prevHash":"c16af5ba73ed7dd41e3cfbd6e735c86c788aaf0edc5d662e979de500a3dabd24","hash":"18b4f49d78b624b70c33e0e5406a82e97cbde286e2a9bbb83c26e05ba175ee95"}
{"type":"ORDER","orderId":"fea2d113-edd9-438f-aa8f-0e27556cff86","side":"BUY","price":157,"quantity":5,"timestamp":"2026-02-17T20:23:22.673973200Z","cancelOrderId":null,"prevHash":"18b4f49d78b624b70c33e0e5406a82e97cbde286e2a9bbb83c26e05ba175ee95","hash":"a646d395ea9aefad5ed03147b34169c0595732b2715464e143ca853cebbc757c"}
{"type":"ORDER","orderId":"091be3ae-d459-4936-8e22-1b3fb30b7bc3","side":"BUY","price":158,"quantity":5,"timestamp":"2026-02-17T20:23:23.329305900Z","cancelOrderId":null,"prevHash":"a646d395ea9aefad5ed03147b34169c0595732b2715464e143ca853cebbc757c","hash":"c520fd3aaa82c976da0f260b21364d01d9bd013877a4bf2ceec5382e5f465052"}
{"type":"ORDER","orderId":"1fa95df2-4f97-424d-8787-79cfafba8b8f","side":"BUY","price":159,"quantity":5,"timestamp":"2026-02-17T20:23:23.889686100Z","cancelOrderId":null,"prevHash":"c520fd3aaa82c976da0f260b21364d01d9bd013877a4bf2ceec5382e5f465052","hash":"678fa1b5d406739d33c86861f32dc6ed473cfa3be60c78ce9fe30b1b5b41d2cb"}
{"type":"ORDER","orderId":"957da435-f2d4-4830-8b94-bfed534093cc","side":"BUY","price":162,"quantity":5,"timestamp":"2026-02-17T20:23:25.174290800Z","cancelOrderId":null,"prevHash":"678fa1b5d406739d33c86861f32dc6ed473cfa3be60c78ce9fe30b1b5b41d2cb","hash":"1f7f059c97e879d80ca99a6e58d4d2629c0138b554231edee3af82bd9494617b"}
{"type":"ORDER","orderId":"dfa5090d-8fc2-4a3f-a764-5ac28f173cdb","side":"BUY","price":164,"quantity":5,"timestamp":"2026-02-17T20:23:26.435218400Z","cancelOrderId":null,"prevHash":"1f7f059c97e879d80ca99a6e58d4d2629c0138b554231edee3af82bd9494617b","hash":"4e754a20d38deda6929cfa057c04b98acade07fc93ac14ee8244a4d12c07c419"}
{"type":"ORDER","orderId":"45cec2ea-af5c-4923-a905-e05c00737110","side":"BUY","price":165,"quantity":5,"timestamp":"2026-02-17T20:23:26.946796900Z","cancelOrderId":null,"prevHash":"4e754a20d38deda6929cfa057c04b98acade07fc93ac14ee8244a4d12c07c419","hash":"6c5836d7faa613940773186d7ac1a2047ec4d0ec311de2a2aee11cdc29923678"}
{"type":"ORDER","orderId":"0d5af35f-c343-473a-b918-dd3526166953","side":"BUY","price":166,"quantity":5,"timestamp":"2026-02-17T20:23:27.666490500Z","cancelOrderId":null,"prevHash":"6c5836d7faa613940773186d7ac1a2047ec4d0ec311de2a2aee11cdc29923678","hash":"ff984ea7cfabea45d10dfb91e5f387768de8d500ef77196be5d0e6396be5a9e8"}
{"type":"ORDER","orderId":"5e4c8f18-d214-466c-a15c-44383a578d50","side":"BUY","price":166,"quantity":5,"timestamp":"2026-02-17T20:23:28.217373600Z","cancelOrderId":null,"prevHash":"ff984ea7cfabea45d10dfb91e5f387768de8d500ef77196be5d0e6396be5a9e8","hash":"2a86a12c85eed72c77f4ceae785992fc72ec9c8966f886b8c2090cccf1d69277"}
{"type":"ORDER","orderId":"12c10041-0ec7-4fbd-b60b-afbf32e14611","side":"BUY","price":168,"quantity":5,"timestamp":"2026-02-17T20:23:29.412189600Z","cancelOrderId":null,"prevHash":"2a86a12c85eed72c77f4ceae785992fc72ec9c8966f886b8c2090cccf1d69277","hash":"99e9fa7ebb30ac22556a344c08513a5a4321cec10d2211d5301b3b694db49c89"}
{"type":"ORDER","orderId":"6dde21e4-a16f-49e3-b02c-69fc8373fa73","side":"BUY","price":169,"quantity":5,"timestamp":"2026-02-17T20:23:29.985739200Z","cancelOrderId":null,"prevHash":"99e9fa7ebb30ac22556a344c08513a5a4321cec10d2211d5301b3b694db49c89","hash":"1b3b0a3650e727a93fa0e7a49baf14939ef545d8b422ca352c50b9c0f09e4628"}
{"type":"ORDER","orderId":"11aa2cd4-e24e-4ee4-9b11-17513ea3f08f","side":"BUY","price":170,"quantity":5,"timestamp":"2026-02-17T20:23:30.562250800Z","cancelOrderId":null,"prevHash":"1b3b0a3650e727a93fa0e7a49baf14939ef545d8b422ca352c50b9c0f09e4628","hash":"46cd7a1cafbe2c503eb13b61835dbbfa9bcb33ed88281d12105f7c86869c1cd5"}
{"type":"ORDER","orderId":"d677941f-7f0a-4d9b-9312-c3c24b1810f8","side":"BUY","price":170,"quantity":5,"timestamp":"2026-02-17T20:23:31.091579800Z","cancelOrderId":null,"prevHash":"46cd7a1cafbe2c503eb13b61835dbbfa9bcb33ed88281d12105f7c86869c1cd5","hash":"e03dbeec8fc2ce26c26c95f7787ddedaa61a065271a84030edf86b96e0b2e160"}
{"type":"ORDER","orderId":"dfcab773-b4df-49c8-8372-03b3ede371e2","side":"BUY","price":170,"quantity":5,"timestamp":"2026-02-17T20:23:31.633683300Z","cancelOrderId":null,"prevHash":"e03dbeec8fc2ce26c26c95f7787ddedaa61a065271a84030edf86b96e0b2e160","hash":"57f560a39f07ab59dd9163fdd1d720fce9904faefbb090a8ebd41ccd6fabad49"}
{"type":"ORDER","orderId":"57940b18-7a7e-4634-b780-d23b8e3d8b43","side":"BUY","price":171,"quantity":5,"timestamp":"2026-02-17T20:23:32.229879900Z","cancelOrderId":null,"prevHash":"57f560a39f07ab59dd9163fdd1d720fce9904faefbb090a8ebd41ccd6fabad49","hash":"be89bbc542921369809903aecf21dd559c042c2c313531df4d2b700d99a49790"}
{"type":"ORDER","orderId":"42880311-f5df-47ed-8261-9221238fcc3a","side":"BUY","price":172,"quantity":5,"timestamp":"2026-02-17T20:23:32.802345Z","cancelOrderId":null,"prevHash":"be89bbc542921369809903aecf21dd559c042c2c313531df4d2b700d99a49790","hash":"746890f80e93aaeb3ef6f0f9107010bd4d5694e74e89693b48b014e45d100efa"}
{"type":"ORDER","orderId":"d6b3b1da-8e03-496e-9c83-3a8098fe7f0f","side":"BUY","price":173,"quantity":5,"timestamp":"2026-02-17T20:23:33.429927600Z","cancelOrderId":null,"prevHash":"746890f80e93aaeb3ef6f0f9107010bd4d5694e74e89693b48b014e45d100efa","hash":"30be0024e79dabd7d17d116f27741a7052712154bc4058e6b81999f5a2aa0f50"}
{"type":"ORDER","orderId":"ac1ca740-9cac-45f6-979e-68f925cf1e90","side":"BUY","price":174,"quantity":5,"timestamp":"2026-02-17T20:23:33.954618800Z","cancelOrderId":null,"prevHash":"30be0024e79dabd7d17d116f27741a7052712154bc4058e6b81999f5a2aa0f50","hash":"4ef961c7fe3b6b5049e543412181751ecf631a4045e7d50d22053b7e1ec4ba58"}
{"type":"ORDER","orderId":"2a6d98ac-9b59-48df-964e-d1a537763351","side":"BUY","price":175,"quantity":5,"timestamp":"2026-02-17T20:23:34.523288Z","cancelOrderId":null,"prevHash":"4ef961c7fe3b6b5049e543412181751ecf631a4045e7d50d22053b7e1ec4ba58","hash":"74e5a5c1d5d6d9bafdc900540c7509687607234c0de685bb5fac266dba9a069f"}
{"type":"ORDER","orderId":"dab448dc-5f3b-4c5b-a4dd-f33bed2a8364","side":"BUY","price":177,"quantity":5,"timestamp":"2026-02-17T20:23:35.041834Z","cancelOrderId":null,"prevHash":"74e5a5c1d5d6d9bafdc900540c7509687607234c0de685bb5fac266dba9a069f","hash":"07bc73f05092b4d050b897f67403fcf0b1210bac0e4ab8c255d1634331952ce8"}
{"type":"ORDER","orderId":"ac054f1b-5d21-49e6-8365-875f29d98bc7","side":"BUY","price":178,"quantity":5,"timestamp":"2026-02-17T20:23:37.049515500Z","cancelOrderId":null,"prevHash":"07bc73f05092b4d050b897f67403fcf0b1210bac0e4ab8c255d1634331952ce8","hash":"a51b8dfbef10dfe66f55fb96cbad36a15a4e6d47bcc468c4b8b5ea832bc1c4d1"}
{"type":"ORDER","orderId":"840cb4a5-e53d-40c0-a2cf-a400e868745e","side":"BUY","price":179,"quantity":5,"timestamp":"2026-02-17T20:23:38.601206Z","cancelOrderId":null,"prevHash":"a51b8dfbef10dfe66f55fb96cbad36a15a4e6d47bcc468c4b8b5ea832bc1c4d1","hash":"e9f530ddc2c9673a5fadc231fb07749d1d876a80453581887faafcf1eddb6a17"}
{"type":"ORDER","orderId":"6cebddf0-9122-42a6-85b7-390431c0b8d1","side":"BUY","price":180,"quantity":5,"timestamp":"2026-02-17T20:23:40.097470500Z","cancelOrderId":null,"prevHash":"e9f530ddc2c9673a5fadc231fb07749d1d876a80453581887faafcf1eddb6a17","hash":"c6a2c12c0ce57db4d08eebd2462690cc329a76c6426174fb14bad85cea421780"}
{"type":"ORDER","orderId":"a6fb549b-dc53-47d8-b9d7-a0dc8da53a53","side":"BUY","price":181,"quantity":5,"timestamp":"2026-02-17T20:23:41.229083800Z","cancelOrderId":null,"prevHash":"c6a2c12c0ce57db4d08eebd2462690cc329a76c6426174fb14bad85cea421780","hash":"472126e9a194a618fbc315a46a17b4c3c5be3517cdc5f88d0b070499463d8aa2"}
{"type":"ORDER","orderId":"f0db0f13-abb8-4483-811a-61683ead45c9","side":"SELL","price":181,"quantity":5,"timestamp":"2026-02-17T20:23:47.202445500Z","cancelOrderId":null,"prevHash":"472126e9a194a618fbc315a46a17b4c3c5be3517cdc5f88d0b070499463d8aa2","hash":"91ef03f66dab55d6f3df0bf3769a7b22fd64c7dd489b91fe8b624b9db00689fa"}
{"type":"ORDER","orderId":"82978986-ddc2-43f1-a79a-26cc796c0191","side":"SELL","price":181,"quantity":5,"timestamp":"2026-02-17T20:23:47.864941600Z","cancelOrderId":null,"prevHash":"91ef03f66dab55d6f3df0bf3769a7b22fd64c7dd489b91fe8b624b9db00689fa","hash":"1dca6fabb9c0dd0836e93264c22085ad3fee685341b56e53331096960dd21ec8"}
{"type":"ORDER","orderId":"52a582a7-b5a7-4ce9-be5c-3ab5f3608244","side":"SELL","price":181,"quantity":5,"timestamp":"2026-02-17T20:23:48.040723500Z","cancelOrderId":null,"prevHash":"1dca6fabb9c0dd0836e93264c22085ad3fee685341b56e53331096960dd21ec8","hash":"10be8de5a45a5fa207e4f6272b4ac709187865175ffd3a6c4f2d223d2b240efe"}
{"type":"ORDER","orderId":"b384de26-1975-4b99-b07b-5cc86246623a","side":"SELL","price":181,"quantity":5,"timestamp":"2026-02-17T20:23:48.186411900Z","cancelOrderId":null,"prevHash":"10be8de5a45a5fa207e4f6272b4ac709187865175ffd3a6c4f2d223d2b240efe","hash":"65e25fb6c43b9cd0da79782572f382cfa6e1466bdac013322c1de7421253cd51"}
{"type":"ORDER","orderId":"6d74fcb6-c482-4fbc-aaff-0b69aa138deb","side":"SELL","price":181,"quantity":5,"timestamp":"2026-02-17T20:23:48.374766700Z","cancelOrderId":null,"prevHash":"65e25fb6c43b9cd0da79782572f382cfa6e1466bdac013322c1de7421253cd51","hash":"d40f5384c82fb3927a64533421f65be97a4c45036b7b89fe163c44979350b167"}
{"type":"ORDER","orderId":"d6f13cc1-bcc5-4ac1-8426-8f358b4696fa","side":"SELL","price":181,"quantity":5,"timestamp":"2026-02-17T20:23:48.553919300Z","cancelOrderId":null,"prevHash":"d40f5384c82fb3927a64533421f65be97a4c45036b7b89fe163c44979350b167","hash":"f241ba472b3f3111795a54e87c65eb54d27910e9ca6e2e223727e51dbcd215fc"}
{"type":"ORDER","orderId":"9ecda2ac-9a29-467c-b257-7300a415e2a3","side":"SELL","price":173,"quantity":5,"timestamp":"2026-02-17T20:23:52.865474500Z","cancelOrderId":null,"prevHash":"f241ba472b3f3111795a54e87c65eb54d27910e9ca6e2e223727e51dbcd215fc","hash":"506040c96e050da239011e2611552272d24bfb37370d0e7e8123cf244512cabc"}
{"type":"ORDER","orderId":"75d2cdf7-0fd5-4201-abf1-76a23d5145b0","side":"SELL","price":144,"quantity":5,"timestamp":"2026-02-17T20:23:56.586036500Z","cancelOrderId":null,"prevHash":"506040c96e050da239011e2611552272d24bfb37370d0e7e8123cf244512cabc","hash":"72b4fd44f815be9bf286a983523f590875af24bf189809e5b7ccc089540919ea"}
{"type":"ORDER","orderId":"19ffe269-e211-4230-a163-19e5680caf5e","side":"SELL","price":141,"quantity":5,"timestamp":"2026-02-17T20:23:58.913945Z","cancelOrderId":null,"prevHash":"72b4fd44f815be9bf286a983523f590875af24bf189809e5b7ccc089540919ea","hash":"ed94cbdd54782a2448b22114c07cd688124729b33cb728cd325eba7ba3ba618b"}
{"type":"ORDER","orderId":"64f65de6-46c0-4628-85c4-1f5e06fb1e75","side":"SELL","price":106,"quantity":5,"timestamp":"2026-02-17T20:24:03.142277Z","cancelOrderId":null,"prevHash":"ed94cbdd54782a2448b22114c07cd688124729b33cb728cd325eba7ba3ba618b","hash":"48852437e8155a050dd28cc88009f5e9362c7cb1b6e8ce0e1552451a04c61b1f"}
{"type":"ORDER","orderId":"572997e1-26ee-44ac-b3d8-fc7ca9662c4e","side":"SELL","price":106,"quantity":5,"timestamp":"2026-02-17T20:24:04.088843300Z","cancelOrderId":null,"prevHash":"48852437e8155a050dd28cc88009f5e9362c7cb1b6e8ce0e1552451a04c61b1f","hash":"d47be3a33df456037996be2905928a280d42820dc050722332710822a1ae8420"}
{"type":"ORDER","orderId":"6d49e0f8-5e9c-4429-a137-6cc9112dfd36","side":"SELL","price":106,"quantity":5,"timestamp":"2026-02-17T20:24:04.516921200Z","cancelOrderId":null,"prevHash":"d47be3a33df456037996be2905928a280d42820dc050722332710822a1ae8420","hash":"6475494850321a014dd7f0e8ae9f3f7b79e8978a539f51c9a14d538e532d12ef"}
{"type":"ORDER","orderId":"fa63940c-a0d0-4ee7-99eb-0ecf1f972c49","side":"SELL","price":106,"quantity":5,"timestamp":"2026-02-17T20:24:05.029129Z","cancelOrderId":null,"prevHash":"6475494850321a014dd7f0e8ae9f3f7b79e8978a539f51c9a14d538e532d12ef","hash":"62552790b58edd4fd3369d4cf5d1e7e28c2421b23a2c8a7dd8bc288ec0a5ffbf"}
{"type":"ORDER","orderId":"e28864e5-d8f4-49b7-9add-42bfbc304020","side":"SELL","price":106,"quantity":5,"timestamp":"2026-02-17T20:24:05.528531700Z","cancelOrderId":null,"prevHash":"62552790b58edd4fd3369d4cf5d1e7e28c2421b23a2c8a7dd8bc288ec0a5ffbf","hash":"10c8ba2551f4f4337e040940bd02ec5444065e5164d70934de8a3709b545da56"}
{"type":"ORDER","orderId":"9a303999-b26f-4a37-9e67-9009eaf1874c","side":"SELL","price":106,"quantity":5,"timestamp":"2026-02-17T20:24:05.769191Z","cancelOrderId":null,"prevHash":"10c8ba2551f4f4337e040940bd02ec5444065e5164d70934de8a3709b545da56","hash":"9b67453d5097be4acb503d00dfaf1285b39c72c28c79d8be1c3f5d5c5651f23e"}
{"type":"ORDER","orderId":"b40c22a7-ee33-4e89-b08e-6332d96f1f1b","side":"SELL","price":106,"quantity":5,"timestamp":"2026-02-17T20:24:05.938207100Z","cancelOrderId":null,"prevHash":"9b67453d5097be4acb503d00dfaf1285b39c72c28c79d8be1c3f5d5c5651f23e","hash":"e82993571c34b6a17f6cdbcc64bff6bc38c60a6d5b993552a70dd5a1f689c855"}
{"type":"ORDER","orderId":"cb9337ae-fc96-4c59-bb3a-ba51edd309f8","side":"SELL","price":106,"quantity":5,"timestamp":"2026-02-17T20:24:06.120028900Z","cancelOrderId":null,"prevHash":"e82993571c34b6a17f6cdbcc64bff6bc38c60a6d5b993552a70dd5a1f689c855","hash":"36487fa07ba87266f0dbceb005a3a5c671575593765b9f41013f507dbca7cc30"}
{"type":"ORDER","orderId":"c8a82828-4ef1-4480-9eab-2d886de4cd0d","side":"SELL","price":106,"quantity":5,"timestamp":"2026-02-17T20:24:06.296193700Z","cancelOrderId":null,"prevHash":"36487fa07ba87266f0dbceb005a3a5c671575593765b9f41013f507dbca7cc30","hash":"b70b3f9f8a035723037eccfcffb9eee7ef0393220a555531fb7b2dab7fd6ec10"}
{"type":"ORDER","orderId":"2ec8f5dc-0671-4884-a519-9eafb61cca22","side":"SELL","price":106,"quantity":5,"timestamp":"2026-02-17T20:24:06.472829500Z","cancelOrderId":null,"prevHash":"b70b3f9f8a035723037eccfcffb9eee7ef0393220a555531fb7b2dab7fd6ec10","hash":"47e449545772588acebc63203604d8e5c32012c5b46480fdd0fca29b2e5cad27"}
{"type":"ORDER","orderId":"6cf0fbc3-a84c-4a62-9cd7-fe2cf470aa9a","side":"SELL","price":176,"quantity":5,"timestamp":"2026-02-17T20:24:12.092855700Z","cancelOrderId":null,"prevHash":"47e449545772588acebc63203604d8e5c32012c5b46480fdd0fca29b2e5cad27","hash":"587d94ba4dfd1cacc231c4772b0e255e69b630606a9c47c79df81e7058f78874"}
{"type":"ORDER","orderId":"33d388ad-259b-42d4-bdc1-eae06cbeeb38","side":"BUY","price":179,"quantity":5,"timestamp":"2026-02-17T20:24:22.056131500Z","cancelOrderId":null,"prevHash":"587d94ba4dfd1cacc231c4772b0e255e69b630606a9c47c79df81e7058f78874","hash":"40e8dff484de7d168259b6217ea9e5c53ef22b2e3336014a4b9078fc6f6a09e7"}
{"type":"ORDER","orderId":"04d54cbe-174b-42cc-856e-2e025e91d503","side":"BUY","price":180,"quantity":5,"timestamp":"2026-02-17T20:24:37.672909500Z","cancelOrderId":null,"prevHash":"40e8dff484de7d168259b6217ea9e5c53ef22b2e3336014a4b9078fc6f6a09e7","hash":"986049faca5d1b63c2b5a147eaf3cb5af16576ce71af90603bad337f2094f0fe"}
{"type":"ORDER","orderId":"5245b127-8dc5-407d-b5a8-b004894d5ff3","side":"BUY","price":181,"quantity":5,"timestamp":"2026-02-17T20:24:41.399742Z","cancelOrderId":null,"prevHash":"986049faca5d1b63c2b5a147eaf3cb5af16576ce71af90603bad337f2094f0fe","hash":"38c904e9d995972dc0cd2f6f2b7fb936d30ad28f2230ca14a8ccc6be1f262c9f"}
{"type":"ORDER","orderId":"967fb590-a3ae-401b-b488-3228812c35dc","side":"BUY","price":181,"quantity":5,"timestamp":"2026-02-17T20:24:43.185378300Z","cancelOrderId":null,"prevHash":"38c904e9d995972dc0cd2f6f2b7fb936d30ad28f2230ca14a8ccc6be1f262c9f","hash":"cc63b524b16bc92c5c0fbc51797291ea74dca35d5d1da46da7c0abf6a6dd2dc2"}
{"type":"ORDER","orderId":"3cd297ba-bc2a-47fd-80c6-e912a9d3156c","side":"BUY","price":181,"quantity":5,"timestamp":"2026-02-17T20:24:43.708550900Z","cancelOrderId":null,"prevHash":"cc63b524b16bc92c5c0fbc51797291ea74dca35d5d1da46da7c0abf6a6dd2dc2","hash":"d0205ca9b65ab51e3ef5a5848d4e595dc248a9a1da5e468120fc9806fd585549"}
{"type":"ORDER","orderId":"a3d82b8f-b8b7-4145-a3b0-9801532326d1","side":"BUY","price":181,"quantity":5,"timestamp":"2026-02-17T20:24:44.381596800Z","cancelOrderId":null,"prevHash":"d0205ca9b65ab51e3ef5a5848d4e595dc248a9a1da5e468120fc9806fd585549","hash":"d55f1d37c33778761a227ceb56d9d94f0e10b8a1251e3988f226579dad4506f7"}
{"type":"ORDER","orderId":"2a16d157-a176-4a00-9557-4ac20be42f94","side":"BUY","price":181,"quantity":5,"timestamp":"2026-02-17T20:24:44.927888Z","cancelOrderId":null,"prevHash":"d55f1d37c33778761a227ceb56d9d94f0e10b8a1251e3988f226579dad4506f7","hash":"f4969d67442c20953b0d62fdbfdfd0ffe0af8fe098ba01d7ddad8cbd73d4bebb"}
{"type":"ORDER","orderId":"31701ca9-660b-4e68-85f1-0c75f216c489","side":"BUY","price":181,"quantity":5,"timestamp":"2026-02-17T20:24:45.720417800Z","cancelOrderId":null,"prevHash":"f4969d67442c20953b0d62fdbfdfd0ffe0af8fe098ba01d7ddad8cbd73d4bebb","hash":"2dc7f0ee81df65192d618cf6d24d939c8396aa31393524faa73fecd0ef4f6301"}
{"type":"ORDER","orderId":"71bc2d04-a4f8-431d-a229-f0c858569523","side":"BUY","price":101,"quantity":5,"timestamp":"2026-02-17T20:45:44.762216700Z","cancelOrderId":null,"prevHash":"2dc7f0ee81df65192d618cf6d24d939c8396aa31393524faa73fecd0ef4f6301","hash":"723cbf62cf52e783f096a0a2f60dd129b29fca0e00e396d6457509dcd1643788"}
{"type":"CANCEL","orderId":null,"side":null,"price":0,"quantity":0,"timestamp":"2026-02-17T20:46:04.634376100Z","cancelOrderId":"0d5af35f-c343-473a-b918-dd3526166953","prevHash":"723cbf62cf52e783f096a0a2f60dd129b29fca0e00e396d6457509dcd1643788","hash":"98d02ac389a386bd209835ba4c2d6c78a4712bbf1048c388408f743cf925cca6"}
{"type":"ORDER","orderId":"62841f3e-be92-418e-9492-3f233f0969ee","side":"SELL","price":101,"quantity":5,"timestamp":"2026-02-17T20:46:15.649533400Z","cancelOrderId":null,"prevHash":"98d02ac389a386bd209835ba4c2d6c78a4712bbf1048c388408f743cf925cca6","hash":"fde36000c439900de272b1387e184fab4dfe441d67b9b35bbf7d5a35e7e8c0c0"}
{"type":"ORDER","orderId":"1a0a1a1c-9c62-4079-b0d3-0477a16bcba7","side":"SELL","price":200,"quantity":5,"timestamp":"2026-02-17T20:46:19.832468900Z","cancelOrderId":null,"prevHash":"fde36000c439900de272b1387e184fab4dfe441d67b9b35bbf7d5a35e7e8c0c0","hash":"5c2011275ee2717893103e4918fb47e1a54134f2ec05808bd2344df244088271"}
{"type":"CANCEL","orderId":null,"side":null,"price":0,"quantity":0,"timestamp":"2026-02-17T20:46:24.666930Z","cancelOrderId":"1a0a1a1c-9c62-4079-b0d3-0477a16bcba7","prevHash":"5c2011275ee2717893103e4918fb47e1a54134f2ec05808bd2344df244088271","hash":"93130e065965b53a81e37326a214ef47e950574770d71ebde95d9f01f8a82388"}
{"type":"CANCEL","orderId":null,"side":null,"price":0,"quantity":0,"timestamp":"2026-02-17T20:46:34.760978300Z","cancelOrderId":"04d54cbe-174b-42cc-856e-2e025e91d503","prevHash":"93130e065965b53a81e37326a214ef47e950574770d71ebde95d9f01f8a82388","hash":"3631de2173ce38d3df2a21a829eeca68793227b888595ad49fe66cb1b218e7f5"}
{"type":"CANCEL","orderId":null,"side":null,"price":0,"quantity":0,"timestamp":"2026-02-17T20:46:36.136720200Z","cancelOrderId":"12c10041-0ec7-4fbd-b60b-afbf32e14611","prevHash":"3631de2173ce38d3df2a21a829eeca68793227b888595ad49fe66cb1b218e7f5","hash":"7dff9cd7b891657f7e32d2f7041a7a75f8d13437c54a570aaabac26ba3286b64"}
{"type":"CANCEL","orderId":null,"side":null,"price":0,"quantity":0,"timestamp":"2026-02-17T20:46:37.528588700Z","cancelOrderId":"5e4c8f18-d214-466c-a15c-44383a578d50","prevHash":"7dff9cd7b891657f7e32d2f7041a7a75f8d13437c54a570aaabac26ba3286b64","hash":"326f1d1424178c72023c227490a11cc22a0cc4a13e724aee0aef2391f0a84e8e"}
{"type":"CANCEL","orderId":null,"side":null,"price":0,"quantity":0,"timestamp":"2026-02-17T20:46:39.369626800Z","cancelOrderId":"45cec2ea-af5c-4923-a905-e05c00737110","prevHash":"326f1d1424178c72023c227490a11cc22a0cc4a13e724aee0aef2391f0a84e8e","hash":"8a12dcfee65a854709804353b89e361942193d5a521a387a78e5e49611ca85ed"}
{"type":"CANCEL","orderId":null,"side":null,"price":0,"quantity":0,"timestamp":"2026-02-17T20:46:40.983778Z","cancelOrderId":"dfa5090d-8fc2-4a3f-a764-5ac28f173cdb","prevHash":"8a12dcfee65a854709804353b89e361942193d5a521a387a78e5e49611ca85ed","hash":"7a0fad6dfe9e645da5680cf9e63023c7257b9cddf7c62c5fd20b26ee1435d547"}
{"type":"CANCEL","orderId":null,"side":null,"price":0,"quantity":0,"timestamp":"2026-02-17T20:46:42.960436100Z","cancelOrderId":"957da435-f2d4-4830-8b94-bfed534093cc","prevHash":"7a0fad6dfe9e645da5680cf9e63023c7257b9cddf7c62c5fd20b26ee1435d547","hash":"b53294e832bd0638e692c1e3f1b0c0234259c72564c6ad6c1854f8cbcd507409"}
{"type":"CANCEL","orderId":null,"side":null,"price":0,"quantity":0,"timestamp":"2026-02-17T20:46:57.021064Z","cancelOrderId":"1fa95df2-4f97-424d-8787-79cfafba8b8f","prevHash":"b53294e832bd0638e692c1e3f1b0c0234259c72564c6ad6c1854f8cbcd507409","hash":"cf2f68df18c6aa23ae747f9cb1baf4c8e600853e742967a8380600f4c35992ca"}
{"type":"CANCEL","orderId":null,"side":null,"price":0,"quantity":0,"timestamp":"2026-02-17T20:46:59.224943500Z","cancelOrderId":"091be3ae-d459-4936-8e22-1b3fb30b7bc3","prevHash":"cf2f68df18c6aa23ae747f9cb1baf4c8e600853e742967a8380600f4c35992ca","hash":"f4275edbe29f4dc2f2cfe0d5f41919f8704e244953324b3cc0faa24d9b36b28e"}
{"type":"CANCEL","orderId":null,"side":null,"price":0,"quantity":0,"timestamp":"2026-02-17T20:47:01.721693900Z","cancelOrderId":"fea2d113-edd9-438f-aa8f-0e27556cff86","prevHash":"f4275edbe29f4dc2f2cfe0d5f41919f8704e244953324b3cc0faa24d9b36b28e","hash":"3a56c8b1dcebdd1a1363a36c4292620c0d9e84c1382d5634899270a623b170fe"}
{"type":"CANCEL","orderId":null,"side":null,"price":0,"quantity":0,"timestamp":"2026-02-17T20:47:04.039827900Z","cancelOrderId":"180fddc7-018d-4e1c-b9d6-339c310a38d5","prevHash":"3a56c8b1dcebdd1a1363a36c4292620c0d9e84c1382d5634899270a623b170fe","hash":"bf7a79f5e7e047e5a1a84aff574dfc4ff2e64eecb7784b45678a5397baa3b677"}
{"type":"ORDER","orderId":"f79fcf6d-18f7-473f-b815-93b7c694dd06","side":"BUY","price":101,"quantity":5,"timestamp":"2026-02-17T20:47:28.272821600Z","cancelOrderId":null,"prevHash":"bf7a79f5e7e047e5a1a84aff574dfc4ff2e64eecb7784b45678a5397baa3b677","hash":"2274831a742052617cc2fb0cb5bc664a2b774db547addf8beb38c011593ed442"}
{"type":"CANCEL","orderId":null,"side":null,"price":0,"quantity":0,"timestamp":"2026-02-17T20:47:33.137016800Z","cancelOrderId":"f79fcf6d-18f7-473f-b815-93b7c694dd06","prevHash":"2274831a742052617cc2fb0cb5bc664a2b774db547addf8beb38c011593ed442","hash":"7da057281982988673932db9cf237ad86a0985df62828fe92f726efd4388a062"}
{"type":"ORDER","orderId":"40edb100-0d8d-477f-b8d6-01ad3b27ae67","side":"BUY","price":151,"quantity":5,"timestamp":"2026-02-17T20:50:07.235491Z","cancelOrderId":null,"prevHash":"7da057281982988673932db9cf237ad86a0985df62828fe92f726efd4388a062","hash":"1c151c2efcb28d779e51925d4b7c5eefef56c76568778dd7a33ff712307a255e"}
{"type":"ORDER","orderId":"dd7711b3-44a6-4187-b336-6d2fe55b888f","side":"SELL","price":151,"quantity":5,"timestamp":"2026-02-17T20:50:21.334791300Z","cancelOrderId":null,"prevHash":"1c151c2efcb28d779e51925d4b7c5eefef56c76568778dd7a33ff712307a255e","hash":"2b8361d85ba3c46c4fb6623931d627a3cad43ae938ddb8eca1bbdd6d62be3740"}
{"type":"ORDER","orderId":"14a3ae89-af3c-4ced-af95-c56e12ea396b","side":"SELL","price":151,"quantity":5,"timestamp":"2026-02-17T20:50:23.427305800Z","cancelOrderId":null,"prevHash":"2b8361d85ba3c46c4fb6623931d627a3cad43ae938ddb8eca1bbdd6d62be3740","hash":"a334f44ffe09201a49e87dd9717cd659a7d57567240709d2400c05bea6cbd275"}
{"type":"ORDER","orderId":"3e70ae41-8444-41ee-bf29-913616e856b0","side":"SELL","price":151,"quantity":5,"timestamp":"2026-02-17T20:54:45.212709700Z","cancelOrderId":null,"prevHash":"a334f44ffe09201a49e87dd9717cd659a7d57567240709d2400c05bea6cbd275","hash":"a73759312ee9026c01736c5a54ff9df09108d5e2e71e715f118c27484ac0f9a1"}
{"type":"ORDER","orderId":"f1cd613c-3b96-4876-a3f2-611e657b5680","side":"SELL","price":151,"quantity":5,"timestamp":"2026-02-17T20:54:46.628410300Z","cancelOrderId":null,"prevHash":"a73759312ee9026c01736c5a54ff9df09108d5e2e71e715f118c27484ac0f9a1","hash":"17cc758385341adaa9f42350b0ede8893d3bb5989f98f9552780f4acc3aaa5d8"}
{"type":"ORDER","orderId":"ae29100b-fd8b-49ef-a65b-db6e918215d3","side":"SELL","price":151,"quantity":5,"timestamp":"2026-02-17T20:54:46.835003700Z","cancelOrderId":null,"prevHash":"17cc758385341adaa9f42350b0ede8893d3bb5989f98f9552780f4acc3aaa5d8","hash":"97c94e92bab01e0de457210545b8cabc2c79b07c8f71c640c4d7ce1c19421839"}
{"type":"ORDER","orderId":"20bebb0c-001d-4ff5-948d-98428dba293a","side":"SELL","price":151,"quantity":5,"timestamp":"2026-02-17T20:54:47.016860Z","cancelOrderId":null,"prevHash":"97c94e92bab01e0de457210545b8cabc2c79b07c8f71c640c4d7ce1c19421839","hash":"d75f1f3556ad62a60f976d696f3b34f3ea7a2269270b09bc7803967d8b2b20b2"}
{"type":"ORDER","orderId":"303c4285-407f-48b7-acb6-2b87797bac3d","side":"SELL","price":151,"quantity":5,"timestamp":"2026-02-17T20:54:47.170286200Z","cancelOrderId":null,"prevHash":"d75f1f3556ad62a60f976d696f3b34f3ea7a2269270b09bc7803967d8b2b20b2","hash":"9ef7c65538da6fe575ede4244624fc480a5e10f7286755b1196219fafd626e1d"}
{"type":"ORDER","orderId":"5f0aa10f-99cb-41f4-ab5a-39bfa84d791e","side":"SELL","price":151,"quantity":5,"timestamp":"2026-02-17T20:54:47.336166900Z","cancelOrderId":null,"prevHash":"9ef7c65538da6fe575ede4244624fc480a5e10f7286755b1196219fafd626e1d","hash":"74234f3f99bb6c469aaa2a6a33e3e0aff1cb17892aa3c213699f97b4dcdeb02a"}
{"type":"ORDER","orderId":"0b9ffea0-5231-4d12-800e-2703ae68c1c5","side":"SELL","price":151,"quantity":5,"timestamp":"2026-02-17T20:54:48.348106100Z","cancelOrderId":null,"prevHash":"74234f3f99bb6c469aaa2a6a33e3e0aff1cb17892aa3c213699f97b4dcdeb02a","hash":"d2b5da191a374fec2150735fa3ef89aa14a106ef280576989641e5475b0d444a"}
{"type":"ORDER","orderId":"21d20bac-69fc-41b1-bdb1-afb859fab462","side":"SELL","price":151,"quantity":5,"timestamp":"2026-02-17T20:54:48.517821400Z","cancelOrderId":null,"prevHash":"d2b5da191a374fec2150735fa3ef89aa14a106ef280576989641e5475b0d444a","hash":"8f4e9db75d1bd9555b6ea1266b04dc8dfce930ddfbbb3cde023bf462016033e2"}
{"type":"ORDER","orderId":"ef96f2e7-ee44-43c3-b7cb-0566f542902c","side":"SELL","price":151,"quantity":5,"timestamp":"2026-02-17T20:54:48.682195100Z","cancelOrderId":null,"prevHash":"8f4e9db75d1bd9555b6ea1266b04dc8dfce930ddfbbb3cde023bf462016033e2","hash":"6c2c3657a13259922448c1f298e60d5416c6b31560c9056fd6859bd30de8630b"}
{"type":"ORDER","orderId":"11076bff-e10d-4b0f-a37e-912532cfdcdd","side":"SELL","price":151,"quantity":5,"timestamp":"2026-02-17T20:54:48.843105100Z","cancelOrderId":null,"prevHash":"6c2c3657a13259922448c1f298e60d5416c6b31560c9056fd6859bd30de8630b","hash":"505e0966555bf1f993448862442a1587d3f6ad91a3b3d617eacb9863a34221e8"}
{"type":"ORDER","orderId":"d27dbef5-4357-46d5-8935-67333e67bfc9","side":"SELL","price":151,"quantity":5,"timestamp":"2026-02-17T20:54:49.012614300Z","cancelOrderId":null,"prevHash":"505e0966555bf1f993448862442a1587d3f6ad91a3b3d617eacb9863a34221e8","hash":"93b85903bc513b68c699564cb5a458a445145fcb60b4bf1229b4e3fbbf8374af"}
{"type":"ORDER","orderId":"f047b8e9-e40f-4519-8506-a68fc46c981a","side":"SELL","price":151,"quantity":5,"timestamp":"2026-02-17T20:54:49.186974100Z","cancelOrderId":null,"prevHash":"93b85903bc513b68c699564cb5a458a445145fcb60b4bf1229b4e3fbbf8374af","hash":"dd1676ff3b5203657cb9f95df1d799d4f295646b826780129ba3c5c9d37b7fa6"}
{"type":"ORDER","orderId":"2a72e2ac-1b4a-43bc-a2c6-efd9c89ac628","side":"SELL","price":151,"quantity":5,"timestamp":"2026-02-17T20:54:49.345093500Z","cancelOrderId":null,"prevHash":"dd1676ff3b5203657cb9f95df1d799d4f295646b826780129ba3c5c9d37b7fa6","hash":"9f9d87be9f12b15a78b18e45d42dea060d2a4067c6a6310667567a1df88214ee"}
{"type":"CANCEL","orderId":null,"side":null,"price":0,"quantity":0,"timestamp":"2026-02-17T20:57:50.713846Z","cancelOrderId":"cfc73d58-31aa-4851-ac38-327c99fc14e9","prevHash":"9f9d87be9f12b15a78b18e45d42dea060d2a4067c6a6310667567a1df88214ee","hash":"86eb9b418a691cd97f70ca5b37fcd7af4d12ec3e0ab330f9dec04cdbb3bcbde1"}
{"type":"CANCEL","orderId":null,"side":null,"price":0,"quantity":0,"timestamp":"2026-02-17T20:57:54.226543300Z","cancelOrderId":"0b9ffea0-5231-4d12-800e-2703ae68c1c5","prevHash":"86eb9b418a691cd97f70ca5b37fcd7af4d12ec3e0ab330f9dec04cdbb3bcbde1","hash":"cc73e3b7f087405bfd92b3d517770fe1cf8b3048c11976ef84b6e7db15c77661"}
{"type":"ORDER","orderId":"2c990ca9-51a9-4894-a401-2e96129935cd","side":"BUY","price":101,"quantity":5,"timestamp":"2026-02-17T20:57:56.029124300Z","cancelOrderId":null,"prevHash":"cc73e3b7f087405bfd92b3d517770fe1cf8b3048c11976ef84b6e7db15c77661","hash":"a1fc1d11ab4f93093685659c28c3f6e67cd35cfee689ffabf62deb1702c99fcb"}
{"type":"ORDER","orderId":"056416e8-46c5-4e07-947c-19e79bd83554","side":"BUY","price":145,"quantity":5,"timestamp":"2026-02-17T20:58:01.146340700Z","cancelOrderId":null,"prevHash":"a1fc1d11ab4f93093685659c28c3f6e67cd35cfee689ffabf62deb1702c99fcb","hash":"243faa693ed5921f708852c70a90339924ef2cb1f078ab604753aeac0c92be0f"}
{"type":"ORDER","orderId":"7df545a1-686b-498a-af7a-80ae7a3e84bc","side":"BUY","price":145,"quantity":5,"timestamp":"2026-02-17T20:58:03.617355200Z","cancelOrderId":null,"prevHash":"243faa693ed5921f708852c70a90339924ef2cb1f078ab604753aeac0c92be0f","hash":"a4cf5a7841293ba66cff8fb62ace72c72c381962e8c3f3ae4c740c4f1a714961"}
{"type":"ORDER","orderId":"08d74d2f-1c1b-4e41-bab5-6354c9584c3e","side":"BUY","price":145,"quantity":5,"timestamp":"2026-02-17T20:58:04.264710400Z","cancelOrderId":null,"prevHash":"a4cf5a7841293ba66cff8fb62ace72c72c381962e8c3f3ae4c740c4f1a714961","hash":"a3457d3c0405983024c5c9f94a89e171a0cc1a22b3ca1e1fcb7074339bc8eed7"}
